@article{Gerschgorin1931,
  author = {Gerschgorin, Semyon A.},
  journal = {Izv. Akad. Nauk. USSR, Ser. Mat.},
  number = 3,
  pages = {749--754},
  title = {{\"Uber die Abgrenzung der Eigenwerte einer Matrix}},
  volume = 7,
  year = 1931
}

@ARTICLE{Perron1907,
  author = {Perron, Oskar},
  title = {{Zur Theorie der Matrices}},
  journal = {Math. Ann.},
  year = {1907},
  volume = {64},
  pages = {248-263},
  issue = {2}
}
